% This file was created with Citavi 6.1.0.0

@article{Bickel.2014,
 author = {Bickel, Warren K. and Moody, Lara and Quisenberry, Amanda},
 year = {2014},
 title = {Computerized Working-Memory Training as a Candidate Adjunctive Treatment for Addiction},
 pages = {123--126},
 volume = {36},
 number = {1},
 issn = {2168-3492},
 journal = {Alcohol Research : Current Reviews}
}


@article{Charlet.2014,
author = {Charlet, Katrin},
 year = {2014},
 title = {Increased neural activity during high working memory load predicts low relapse risk in alcohol dependence},
 keywords = {Adolescent;Adult;Aged;Alcohol Abstinence;Alcoholism/physiopathology/psychology;Analysis of Variance;Case-Control Studies;Female;Gray Matter/physiology;Humans;Magnetic Resonance Imaging;Male;Memory Disorders/physiopathology;Memory, Short-Term/physiology;Middle Aged;Motor Cortex/physiology;Neuropsychological Tests;Prefrontal Cortex/physiology;Psychomotor Performance/physiology;Recurrence;Risk Factors;Young Adult},
 pages = {402--414},
 volume = {19},
 number = {3},
 journal = {Addiction biology},
 doi = {10.1111/adb.12103}
}


@article{Crews.2005,
 author = {Crews, Fulton T. and Buckley, Tracey and Dodd, Peter R. and Ende, Gabriele and Foley, Nina and Harper, Clive and He, Jun and Innes, David and Loh, El-Wui and Pfefferbaum, Adolf and Zou, Jian and Sullivan, Edith V.},
 year = {2005},
 title = {Alcoholic Neurobiology: Changes In Dependence and Recovery},
 pages = {1504--1513},
 volume = {29},
 number = {8},
 issn = {0145-6008},
 journal = {Alcoholism, clinical and experimental research},
 doi = {10.1097/01.alc.0000175013.50644.61}
}


@article{Dougherty.2016,
  author = {Dougherty, Michael R. and Hamovitz, Toby and Tidwell, Joe W.},
 year = {2016},
 title = {Reevaluating the effectiveness of n-back training on transfer through the Bayesian lens: Support for the null},
 keywords = {Bayes Theorem;Data Interpretation, Statistical;Humans;Intelligence/physiology;Memory, Short-Term/physiology;Meta-Analysis as Topic;Transfer (Psychology)},
 pages = {306--316},
 volume = {23},
 number = {1},
 journal = {Psychonomic bulletin {\&} review},
 doi = {10.3758/s13423-015-0865-9}
}


@article{Eberl.2013,
 author = {Eberl, Carolin and Wiers, Reinout W. and Pawelczack, Steffen and Rinck, Mike and Becker, Eni S. and Lindenmeyer, Johannes},
 year = {2013},
 title = {Approach bias modification in alcohol dependence: do clinical effects replicate and for whom does it work best?},
 keywords = {Adult;Aged;Alcohol Drinking/prevention {\&} control;Alcoholism/psychology/therapy;Behavior, Addictive/therapy;Cognitive Therapy/methods;Cues;Executive Function/physiology;Female;Follow-Up Studies;Humans;Male;Middle Aged;Reproducibility of Results;Secondary Prevention;Surveys and Questionnaires;Treatment Outcome;Young Adult},
 pages = {38--51},
 volume = {4},
 journal = {Developmental cognitive neuroscience},
 doi = {10.1016/j.dcn.2012.11.002}
}


@article{FirstMSpitzerRGibbonMWilliamsJ.2001,
 author = {{First M, Spitzer R, Gibbon M,Williams J}},
 year = {2001},
 title = {Structured clinical interview for DSM-IV-TR axis I disorders, research version, patient edition with psychotic screen (SCID-I/P W/PSY SCREEN)}
}


@article{Gladwin.2012,
 author = {Gladwin, Thomas and Wiers, Reinout W.},
 year = {2012},
 title = {How do alcohol cues affect working memory? Persistent slowing due to alcohol-related distracters in an alcohol version of the Sternberg task},
 pages = {284--290},
 volume = {20},
 number = {4},
 issn = {1606-6359},
 journal = {Addiction Research {\&} Theory},
 doi = {10.3109/16066359.2011.614977}
}


@article{Heinzel.2014,
 author = {Heinzel, Stephan and Lorenz, Robert C. and Brockhaus, Wolf-R{\"u}diger and W{\"u}stenberg, Torsten and Kathmann, Norbert and Heinz, Andreas and Rapp, Michael A.},
 year = {2014},
 title = {Working memory load-dependent brain response predicts behavioral training gains in older adults},
 keywords = {Adult;Aged;Aging/physiology;Brain/physiology;Female;Humans;Magnetic Resonance Imaging;Male;Memory, Short-Term/physiology;Middle Aged;Neuropsychological Tests;Young Adult},
 pages = {1224--1233},
 volume = {34},
 number = {4},
 journal = {The Journal of neuroscience : the official journal of the Society for Neuroscience},
 doi = {10.1523/JNEUROSCI.2463-13.2014}
}


@article{Heinzel.2016,
 author = {Heinzel, Stephan and Lorenz, Robert C. and Pelz, Patricia and Heinz, Andreas and Walter, Henrik and Kathmann, Norbert and Rapp, Michael A. and Stelzel, Christine},
 year = {2016},
 title = {Neural correlates of training and transfer effects in working memory in older adults},
 keywords = {Aged;Aging;Cerebral Cortex/physiology;Female;Humans;Learning/physiology;Male;Memory, Short-Term/physiology;Mental Recall/physiology;Middle Aged;Neuronal Plasticity/physiology;Task Performance and Analysis;Transfer (Psychology)/physiology},
 pages = {236--249},
 volume = {134},
 journal = {NeuroImage},
 doi = {10.1016/j.neuroimage.2016.03.068}
}


@article{Maldjian.2003,
 author = {Maldjian, Joseph A. and Laurienti, Paul J. and Kraft, Robert A. and Burdette, Jonathan H.},
 year = {2003},
 title = {An automated method for neuroanatomic and cytoarchitectonic atlas-based interrogation of fMRI data sets},
 pages = {1233--1239},
 volume = {19},
 number = {3},
 journal = {NeuroImage},
 doi = {10.1016/S1053-8119(03)00169-1}
}


@article{Owen.2005,
 author = {Owen, Adrian M. and McMillan, Kathryn M. and Laird, Angela R. and Bullmore, Ed},
 year = {2005},
 title = {N-back working memory paradigm: a meta-analysis of normative functional neuroimaging studies},
 keywords = {Brain/physiology;Diagnostic Imaging/methods/statistics {\&} numerical data;Humans;Memory/physiology;Meta-Analysis as Topic;Psychomotor Performance/physiology},
 pages = {46--59},
 volume = {25},
 number = {1},
 issn = {1065-9471},
 journal = {Human brain mapping},
 doi = {10.1002/hbm.20131}
}


@article{Pitel.2007,
 author = {Pitel, Anne Lise and Witkowski, Thomas and Vabret, Fran{\c{c}}ois and Guillery-Girard, B{\'e}reng{\`e}re and Desgranges, B{\'e}atrice and Eustache, Francis and Beaunieux, H{\'e}l{\`e}ne},
 year = {2007},
 title = {Effect of episodic and working memory impairments on semantic and cognitive procedural learning at alcohol treatment entry},
 keywords = {Alcoholism/complications/rehabilitation;Case-Control Studies;Cognition Disorders/etiology/physiopathology;Cognition/physiology;Humans;Learning Disorders/etiology/physiopathology;Memory Disorders/etiology/physiopathology;Memory/physiology;Middle Aged;Psychomotor Performance/physiology;Semantics;Substance Abuse Treatment Centers},
 pages = {238--248},
 volume = {31},
 number = {2},
 issn = {0145-6008},
 journal = {Alcoholism, clinical and experimental research},
 doi = {10.1111/j.1530-0277.2006.00301.x}
}


@article{Robins.1988,
 author = {Robins, Lee N.},
 year = {1988},
 title = {The Composite International Diagnostic Interview},
 pages = {1069},
 volume = {45},
 number = {12},
 issn = {0003-990X},
 journal = {Archives of General Psychiatry},
 doi = {10.1001/archpsyc.1988.01800360017003}
}


@article{Rottschy.2012,
 author = {Rottschy, C. and Langner, R. and Dogan, I. and Reetz, K. and Laird, A. R. and Schulz, J. B. and Fox, P. T. and Eickhoff, S. B.},
 year = {2012},
 title = {Modelling neural correlates of working memory: a coordinate-based meta-analysis},
 keywords = {Brain/physiology;Humans;Magnetic Resonance Imaging;Memory, Short-Term/physiology;Nerve Net/physiology},
 pages = {830--846},
 volume = {60},
 number = {1},
 journal = {NeuroImage},
 doi = {10.1016/j.neuroimage.2011.11.050}
}


@article{Sharbanee.2014,
 author = {Sharbanee, Jason M. and Stritzke, Werner G. K. and Jamalludin, M. Effin and Wiers, Reinout W.},
 year = {2014},
 title = {Approach-alcohol action tendencies can be inhibited by cognitive load},
 keywords = {Adult;Alcohol Drinking/physiopathology/psychology;Alcohol-Related Disorders/physiopathology/psychology/therapy;Avoidance Learning;Behavior Therapy/methods;Cognition;Executive Function;Female;Humans;Inhibition (Psychology);Male;Young Adult},
 pages = {967--975},
 volume = {231},
 number = {5},
 journal = {Psychopharmacology},
 doi = {10.1007/s00213-013-3318-z}
}


@article{SULLIVAN.1989,
 author = {SULLIVAN, JOHN T. and SYKORA, KATHY and SCHNEIDERMAN, JOYCE and NARANJO, CLAUDIO A. and SELLERS, EDWARD M.},
 year = {1989},
 title = {Assessment of Alcohol Withdrawal: the revised clinical institute withdrawal assessment for alcohol scale (CIWA-Ar)},
 pages = {1353--1357},
 volume = {84},
 number = {11},
 issn = {0965-2140},
 journal = {Addiction},
 doi = {10.1111/j.1360-0443.1989.tb00737.x}
}



@article{Wiers.2013,
 author = {Wiers, Reinout W. and Gladwin, Thomas E. and Hofmann, Wilhelm and Salemink, Elske and Ridderinkhof, K. Richard},
 year = {2013},
 title = {Cognitive Bias Modification and Cognitive Control Training in Addiction and Related Psychopathology},
 pages = {192--212},
 volume = {1},
 number = {2},
 issn = {2167-7026},
 journal = {Clinical Psychological Science},
 doi = {10.1177/2167702612466547}
}


@article{Wiers.2017,
 author = {Wiers, Reinout W.},
 year = {2017},
 title = {The Potential Usefulness of Cognitive Bias Modification (CBM) in the Treatment of Problematic Alcohol Use in Individuals with Mild to Borderline Intellectual Disability},
 pages = {105--106},
 volume = {1},
 number = {2},
 issn = {2366-7532},
 journal = {Advances in Neurodevelopmental Disorders},
 doi = {10.1007/s41252-017-0009-5}
}

 @Manual{,
    title = {R: A Language and Environment for Statistical Computing},
    author = {{R Core Team}},
    organization = {R Foundation for Statistical Computing},
    address = {Vienna, Austria},
    year = {2018},
    url = {https://www.R-project.org/},
  }


